<?xml version="1.0" encoding="UTF-8" standalone="no"?>
<Document xmlns="urn:iso:std:iso:20022:tech:xsd:pain.001.001.03">
    <CstmrCdtTrfInitn>
        <GrpHdr>
            <MsgId>PayrollBatch_ID0000</MsgId>
            <CreDtTm>2023-06-02T20:35:25.176031998</CreDtTm>
            <NbOfTxs>2</NbOfTxs>
            <CtrlSum>100.0</CtrlSum>
            <InitgPty>
                <Nm>Equipo3</Nm>
            </InitgPty>
        </GrpHdr>
        <PmtInf>
            <PmtInfId>TRANSFERENCIA8</PmtInfId>
            <PmtMtd>TRF</PmtMtd>
            <BtchBookg>false</BtchBookg>
            <ReqdExctnDt>1198-11-12</ReqdExctnDt>
            <Dbtr>
                <Nm>Equipo3</Nm>
            </Dbtr>
            <DbtrAcct>
                <Id>
                    <IBAN>ES0123456789012345678901</IBAN>
                </Id>
            </DbtrAcct>
            <DbtrAgt>
                <FinInstnId>
                    <BIC>BCOEESMMXXX</BIC>
                </FinInstnId>
            </DbtrAgt>
            <ChrgBr>SLEV</ChrgBr>
            <CdtTrfTxInf>
                <PmtId>
                    <EndToEndId>TRANSFERENCIA8</EndToEndId>
                </PmtId>
                <Amt>
                    <InstdAmt Ccy="EUR">0.0</InstdAmt>
                </Amt>
                <CdtrAgt>
                    <FinInstnId>
                        <BIC>BCOEESMMXXX</BIC>
                    </FinInstnId>
                </CdtrAgt>
                <Cdtr>
                    <Nm>さまざまなデ しています </Nm>
                </Cdtr>
                <CdtrAcct>
                    <Id>
                        <IBAN>ES9876543210987654321098</IBAN>
                    </Id>
                </CdtrAcct>
                <RmtInf>
                    <Ustrd>Pago de nómina</Ustrd>
                </RmtInf>
            </CdtTrfTxInf>
        </PmtInf>
        <PmtInf>
            <PmtInfId>TRANSFERENCIA9</PmtInfId>
            <PmtMtd>TRF</PmtMtd>
            <BtchBookg>false</BtchBookg>
            <ReqdExctnDt>1233-11-12</ReqdExctnDt>
            <Dbtr>
                <Nm>Equipo3</Nm>
            </Dbtr>
            <DbtrAcct>
                <Id>
                    <IBAN>ES0123456789012345678901</IBAN>
                </Id>
            </DbtrAcct>
            <DbtrAgt>
                <FinInstnId>
                    <BIC>BCOEESMMXXX</BIC>
                </FinInstnId>
            </DbtrAgt>
            <ChrgBr>SLEV</ChrgBr>
            <CdtTrfTxInf>
                <PmtId>
                    <EndToEndId>TRANSFERENCIA9</EndToEndId>
                </PmtId>
                <Amt>
                    <InstdAmt Ccy="EUR">111.0</InstdAmt>
                </Amt>
                <CdtrAgt>
                    <FinInstnId>
                        <BIC>BCOEESMMXXX</BIC>
                    </FinInstnId>
                </CdtrAgt>
                <Cdtr>
                    <Nm>AMELIE TRIBU LETE</Nm>
                </Cdtr>
                <CdtrAcct>
                    <Id>
                        <IBAN>ES9876543210987654321098</IBAN>
                    </Id>
                </CdtrAcct>
                <RmtInf>
                    <Ustrd>Pago de nómina</Ustrd>
                </RmtInf>
            </CdtTrfTxInf>
        </PmtInf>
    </CstmrCdtTrfInitn>
</Document>
